@article{etherscan,
    author = "Etherscan",
    title = "The {E}thereum {B}lock {E}xplorer",
    url = "\url{https://etherscan.io/}"
}
 

@misc{hash,
    author = "Wikipedia",
    title = "Cryptographic hash function --- Wikipedia{,} The Free Encyclopedia",
    year = "2017",
    url = "\url{https://en.wikipedia.org/w/index.php?title=Cryptographic_hash_function&oldid=799038790}",
  }


@misc{publickey,
    author = "Wikipedia",
    title = "Public-key cryptography --- Wikipedia{,} The Free Encyclopedia",
    year = "2017",
    url = "\url{https://en.wikipedia.org/w/index.php?title=Public-key_cryptography&oldid=801113990}",
  }


@misc{prng,
    author = "Wikipedia",
    title = "Pseudorandom number generator --- Wikipedia{,} The Free Encyclopedia",
    year = "2017",
    url = "\url{https://en.wikipedia.org/w/index.php?title=Pseudorandom_number_generator&oldid=794931424}",
  }


@misc{nakamoto,
    author = {Satoshi Nakamoto},
    title = {Bitcoin: A peer-to-peer electronic cash system,‚Äù http://bitcoin.org/bitcoin.pdf},
    year = {}
}
